<?xml version="1.0" encoding="UTF-8"?><collection><record><leader>02956ntm a2200397 a 4500</leader><controlfield tag="001">002641696</controlfield><controlfield tag="003">MiAaHDL</controlfield><controlfield tag="005">20190719000000.0</controlfield><controlfield tag="006">m        d        </controlfield><controlfield tag="007">cr bn ---auaua</controlfield><controlfield tag="008">930712s1708    xx            00||  tur d</controlfield><datafield tag="035" ind1=" " ind2=" "><subfield code="a">(MiU)002641696</subfield></datafield><datafield tag="035" ind1=" " ind2=" "><subfield code="a">sdr-miu002641696</subfield></datafield><datafield tag="035" ind1=" " ind2=" "><subfield code="a">(OCoLC)34366587</subfield></datafield><datafield tag="035" ind1=" " ind2=" "><subfield code="a">(RLIN)MIUH93-A166</subfield></datafield><datafield tag="040" ind1=" " ind2=" "><subfield code="a">MiU</subfield><subfield code="c">MiU</subfield><subfield code="e">appm</subfield></datafield><datafield tag="100" ind1="0" ind2=" "><subfield code="6">880-01</subfield><subfield code="a">Muṣṭafá ibn ʻAlī,</subfield><subfield code="d">fl. 1528 or 9-1552 or 3.</subfield></datafield><datafield tag="245" ind1="1" ind2="0"><subfield code="6">880-02</subfield><subfield code="a">Takvim el-me[sh]hur :</subfield><subfield code="k">manuscript,</subfield><subfield code="f">[1708?].</subfield></datafield><datafield tag="300" ind1=" " ind2=" "><subfield code="a">1</subfield><subfield code="f">v. ([282] p.) ;</subfield><subfield code="c">26 cm.</subfield></datafield><datafield tag="500" ind1=" " ind2=" "><subfield code="a">Watermarks: Sun; hillock. See Edward Heawood, Watermarks, Mainly of the 17th and 18th Centuries (Hilversum, 1950), nos. 2610-2616 and no. 3897.</subfield></datafield><datafield tag="500" ind1=" " ind2=" "><subfield code="a">Text rubricated; marginal corrections in hand of copyist (same as that of Mich. Isl. Mss. 835,2-4,7-11); pages foliated; "yā kabīkaj" (invocation against bookworms) written on pp. [1] and [5]; vol. has edge title.</subfield></datafield><datafield tag="500" ind1=" " ind2=" "><subfield code="a">Date based on that in colophon of Mich. Isl. Ms. 835,6.</subfield></datafield><datafield tag="500" ind1=" " ind2=" "><subfield code="a">[10] Badr al-Dīn Muḥammad ibn Muḥammad Sibṭ al-Māridīnī, Hidāyat al-sāʾil fī al-ʻamal bi-al-rubʻ al-kāmil, pp. [246-265]; [11] Muḥamamd ibn ʻAlī al-Khayrī al-Jabartī ibn Zurayq, al-Nashr al-muṭayyab fī al-ʻamal bi-al-rubʻ al-mujayyab, pp. [266-282].</subfield></datafield><datafield tag="500" ind1=" " ind2=" "><subfield code="a">[6] Muṣṭafá ibn ʻAlī, Hādhihi risālat Muṣṭafá al-muwaqqit fī aʻmāl al-aṣṭurlāb, pp. [104-182]; [7] Muṣṭafá ibn ʻAlī, Hâzâ risale-i-muaddel el-nahār, pp. [188-208]; [8] Muṣṭafá ibn ʻAlī, Hâzâ risale-i-zāt el-kürsî, pp. [210-237]; [9] Ḥusayn ibn Khalīl Qrlfj Zādah, Risālat al-rubʻ al-mujayyab, pp. [238-244];</subfield></datafield><datafield tag="500" ind1=" " ind2=" "><subfield code="a">Pp. [6-17]. Bound with: [2] Muṣṭafá ibn ʻAlī, Risālat al-muqanṭarah, pp. [18-33]; [3] Muṣṭafá ibn ʻAlī, Risale-i-rubʻ el-mucayab, pp. [36-75]; [4] Muḥammad ibn Aḥmad ibn ʻAbd al-Raḥīm al-Murrī, Risālah mulakhkhaṣah fī al-ʻamal bi-al-ālah al-rusūm al-mujannaḥah, pp. [78-95]; [5] Two faṣls on the use of the astrolabe, pp. [97-100];</subfield></datafield><datafield tag="520" ind1=" " ind2=" "><subfield code="a">Treatise on the calendar.</subfield></datafield><datafield tag="538" ind1=" " ind2=" "><subfield code="a">Mode of access: Internet.</subfield></datafield><datafield tag="541" ind1=" " ind2=" "><subfield code="d">07/--/36</subfield><subfield code="3">Manuscript</subfield><subfield code="a">McGregor Fund</subfield><subfield code="c">Purchase, 1933/34</subfield><subfield code="h">80 p.t.</subfield></datafield><datafield tag="545" ind1=" " ind2=" "><subfield code="a">Turkish astronomer.</subfield></datafield><datafield tag="561" ind1=" " ind2=" "><subfield code="a">Purchased in Cairo, 1933/34. Owners' marks: on p. [282], note that copy was prepared for Sirāj Ḥasan Pāshā Zādah; inside cover, manuscript notes in handwriting of Max Meyerhof.</subfield></datafield><datafield tag="650" ind1=" " ind2="0"><subfield code="a">Calendar</subfield><subfield code="y">Early works to 1800.</subfield></datafield><datafield tag="650" ind1=" " ind2="0"><subfield code="a">Astronomy, Turkish</subfield><subfield code="y">Early works to 1800.</subfield></datafield><datafield tag="650" ind1=" " ind2="0"><subfield code="a">Manuscripts, Turkish</subfield><subfield code="z">Michigan</subfield><subfield code="z">Ann Arbor.</subfield></datafield><datafield tag="700" ind1="1" ind2=" "><subfield code="a">Meyerhof, Max,</subfield><subfield code="d">1874-1945,</subfield><subfield code="e">former owner.</subfield></datafield><datafield tag="773" ind1="0" ind2=" "><subfield code="7">unbc</subfield><subfield code="a">Tracy W. McGregor Collection of Arabic, Persian, and Turkish Mathematical and Astronomical Manuscripts.</subfield><subfield code="w">(CStRLIN)MIUH92-A20.</subfield></datafield><datafield tag="880" ind1="1" ind2="0"><subfield code="6">245-02/</subfield><subfield code="a">تقويم الم[ش]هور :</subfield><subfield code="k">manuscript،</subfield><subfield code="f">[1708?].</subfield></datafield><datafield tag="880" ind1="0" ind2=" "><subfield code="6">100-01/</subfield><subfield code="a">مصطفى بن علي.</subfield></datafield><datafield tag="CID" ind1=" " ind2=" "><subfield code="a">002641696</subfield></datafield><datafield tag="DAT" ind1="0" ind2=" "><subfield code="a">20190719102632.0</subfield><subfield code="b">20190719000000.0</subfield></datafield><datafield tag="DAT" ind1="1" ind2=" "><subfield code="a">20190719090653.0</subfield><subfield code="b">2019-07-19T16:10:50Z</subfield></datafield><datafield tag="DAT" ind1="2" ind2=" "><subfield code="a">2015-10-02T18:00:03Z</subfield></datafield><datafield tag="CAT" ind1=" " ind2=" "><subfield code="a">SDR-MIU</subfield><subfield code="d">EX LIBRIS - ALEPH</subfield><subfield code="l">prepare.pl-004-008</subfield></datafield><datafield tag="FMT" ind1=" " ind2=" "><subfield code="a">BK</subfield></datafield><datafield tag="HOL" ind1=" " ind2=" "><subfield code="0">sdr-miu002641696</subfield><subfield code="a">MiU</subfield><subfield code="b">SDR</subfield><subfield code="c">MIU</subfield><subfield code="p">mdp.39015078570234</subfield><subfield code="s">MIU</subfield><subfield code="1">002641696</subfield></datafield><datafield tag="974" ind1=" " ind2=" "><subfield code="b">MIU</subfield><subfield code="c">MIU</subfield><subfield code="d">20190719</subfield><subfield code="s">lit-dlps-dc</subfield><subfield code="u">mdp.39015078570234</subfield><subfield code="y">1708</subfield><subfield code="r">pd</subfield><subfield code="q">bib</subfield><subfield code="t">non-US bib date1 &lt; 1879</subfield></datafield></record></collection>